%% This BibTeX bibliography file was created using BibDesk.
%% http://bibdesk.sourceforge.net/


%% Created for Giovanni Luca Ciampaglia at 2010-08-26 10:33:08 +0200 


%% Saved with string encoding Unicode (UTF-8) 



@inproceedings{Taraborelli:2010aa,
	Address = {Budapest},
	Author = {Taraborelli, D. and Ciampaglia, G.L.},
	Booktitle = {{Fourth IEEE International Conference on Self-Adaptive and Self-Organizing Systems Workshops (SASOW 2010)}},
	Date-Added = {2010-08-26 10:29:42 +0200},
	Date-Modified = {2010-08-26 10:32:34 +0200},
	Keywords = {Wikipedia, Notability, Herding},
	Month = {September 27-October 1},
	Title = {{Beyond notability. Collective deliberation on content inclusion in Wikipedia.}},
	Year = {2010},
	Bdsk-File-1 = {YnBsaXN0MDDUAQIDBAUIJidUJHRvcFgkb2JqZWN0c1gkdmVyc2lvblkkYXJjaGl2ZXLRBgdUcm9vdIABqAkKFRYXGyIjVSRudWxs0wsMDQ4RFFpOUy5vYmplY3RzV05TLmtleXNWJGNsYXNzog8QgASABqISE4ACgAOAB1lhbGlhc0RhdGFccmVsYXRpdmVQYXRo0hgNGRpXTlMuZGF0YU8RAcwAAAAAAcwAAgAADE1hY2ludG9zaCBIRAAAAAAAAAAAAAAAAAAAAMeXgUlIKwAAACMjfRlUYXJhYm9yZWxsaS4yMDEwLkJleW8ucGRmAAAAAAAAAAAAAAAAAAAAAAAAAAAAAAAAAAAAAAAAAAAAAAAAAAAAM3z/yJRoflBERiAAAAAAAAIAAwAACSAAAAAAAAAAAAAAAAAAAAAEMjAxMAAQAAgAAMeXczkAAAARAAgAAMiUTF4AAAABABQAIyN9ACL8oAAFw6QABa6VAACRnwACAE5NYWNpbnRvc2ggSEQ6VXNlcnM6Z2lvdmFubmk6RG9jdW1lbnRzOk15IFBhcGVyczoyMDEwOlRhcmFib3JlbGxpLjIwMTAuQmV5by5wZGYADgA0ABkAVABhAHIAYQBiAG8AcgBlAGwAbABpAC4AMgAwADEAMAAuAEIAZQB5AG8ALgBwAGQAZgAPABoADABNAGEAYwBpAG4AdABvAHMAaAAgAEgARAASAEFVc2Vycy9naW92YW5uaS9Eb2N1bWVudHMvTXkgUGFwZXJzLzIwMTAvVGFyYWJvcmVsbGkuMjAxMC5CZXlvLnBkZgAAEwABLwAAFQACAA///wAAgAXSHB0eH1gkY2xhc3Nlc1okY2xhc3NuYW1lox8gIV1OU011dGFibGVEYXRhVk5TRGF0YVhOU09iamVjdF8QLi4uLy4uL015IFBhcGVycy8yMDEwL1RhcmFib3JlbGxpLjIwMTAuQmV5by5wZGbSHB0kJaIlIVxOU0RpY3Rpb25hcnkSAAGGoF8QD05TS2V5ZWRBcmNoaXZlcgAIABEAFgAfACgAMgA1ADoAPABFAEsAUgBdAGUAbABvAHEAcwB2AHgAegB8AIYAkwCYAKACcAJyAncCgAKLAo8CnQKkAq0C3gLjAuYC8wL4AAAAAAAAAgEAAAAAAAAAKAAAAAAAAAAAAAAAAAAAAwo=}}

@inproceedings{Ciampaglia:2010aa,
	Author = {Ciampaglia, Giovanni Luca and Vancheri, Alberto},
	Booktitle = {Intl Conf on Weblogs and Social Media},
	Date-Added = {2010-04-07 10:30:54 +0200},
	Date-Modified = {2010-04-07 10:32:04 +0200},
	Keywords = {Wikipedia, participation, mixture model},
	Title = {Empirical Analysis of User Participation in Online Communities: the Case of Wikipedia},
	Year = {2010},
	Bdsk-File-1 = {YnBsaXN0MDDUAQIDBAUIJidUJHRvcFgkb2JqZWN0c1gkdmVyc2lvblkkYXJjaGl2ZXLRBgdUcm9vdIABqAkKFRYXGyIjVSRudWxs0wsMDQ4RFFpOUy5vYmplY3RzV05TLmtleXNWJGNsYXNzog8QgASABqISE4ACgAOAB1lhbGlhc0RhdGFccmVsYXRpdmVQYXRo0hgNGRpXTlMuZGF0YU8RAXwAAAAAAXwAAgAADE1hY2ludG9zaCBIRAAAAAAAAAAAAAAAAAAAAMeXgUlIKwAAAAdGyQlwYXBlci5wZGYAAAAAAAAAAAAAAAAAAAAAAAAAAAAAAAAAAAAAAAAAAAAAAAAAAAAAAAAAAAAAAAAAAAAAAAAAB0dbx2U1sgAAAAAAAAAAAAMAAwAACSAAAAAAAAAAAAAAAAAAAAAJaWN3c20yMDEwAAAQAAgAAMeXczkAAAARAAgAAMdlJ6IAAAABABAAB0bJAAdFoQAFrpUAAJGfAAIANU1hY2ludG9zaCBIRDpVc2VyczpnaW92YW5uaTpyZXBvczppY3dzbTIwMTA6cGFwZXIucGRmAAAOABQACQBwAGEAcABlAHIALgBwAGQAZgAPABoADABNAGEAYwBpAG4AdABvAHMAaAAgAEgARAASAChVc2Vycy9naW92YW5uaS9yZXBvcy9pY3dzbTIwMTAvcGFwZXIucGRmABMAAS8AABUAAgAP//8AAIAF0hwdHh9YJGNsYXNzZXNaJGNsYXNzbmFtZaMfICFdTlNNdXRhYmxlRGF0YVZOU0RhdGFYTlNPYmplY3RfECIuLi8uLi8uLi9yZXBvcy9pY3dzbTIwMTAvcGFwZXIucGRm0hwdJCWiJSFcTlNEaWN0aW9uYXJ5EgABhqBfEA9OU0tleWVkQXJjaGl2ZXIACAARABYAHwAoADIANQA6ADwARQBLAFIAXQBlAGwAbwBxAHMAdgB4AHoAfACGAJMAmACgAiACIgInAjACOwI/Ak0CVAJdAoIChwKKApcCnAAAAAAAAAIBAAAAAAAAACgAAAAAAAAAAAAAAAAAAAKu}}

@misc{Millner:2008aa,
	Author = {Millner, Antony and Ciampaglia, Giovanni Luca and Aravamudan, Nish and Foster, Jacob},
	Date-Added = {2010-04-07 10:27:32 +0200},
	Date-Modified = {2010-04-07 10:29:36 +0200},
	Howpublished = {Santa Fe Institute Complex Systems Summers School Working Papers},
	Keywords = {climate, bandit, reinforcement learning},
	Title = {The cost of strategic adaptation in a simple conceptual model of climate change},
	Year = {2008},
	Bdsk-File-1 = {YnBsaXN0MDDUAQIDBAUIJidUJHRvcFgkb2JqZWN0c1gkdmVyc2lvblkkYXJjaGl2ZXLRBgdUcm9vdIABqAkKFRYXGyIjVSRudWxs0wsMDQ4RFFpOUy5vYmplY3RzV05TLmtleXNWJGNsYXNzog8QgASABqISE4ACgAOAB1lhbGlhc0RhdGFccmVsYXRpdmVQYXRo0hgNGRpXTlMuZGF0YU8RAcoAAAAAAcoAAgAADE1hY2ludG9zaCBIRAAAAAAAAAAAAAAAAAAAAMeXgUlIKwAAAAXHDhdTaW1wbGVjbGltYXRlY2hhbmdlLnBkZgAAAAAAAAAAAAAAAAAAAAAAAAAAAAAAAAAAAAAAAAAAAAAAAAAAAAAABccQxNSPYgAAAAAAAAAAAAEAAgAACSAAAAAAAAAAAAAAAAAAAAAKQWRhcHRhdGlvbgAQAAgAAMeXczkAAAARAAgAAMTUc0IAAAABABQABccOAAXG/AAFw6QABa6VAACRnwACAExNYWNpbnRvc2ggSEQ6VXNlcnM6Z2lvdmFubmk6RG9jdW1lbnRzOnBoZDpBZGFwdGF0aW9uOlNpbXBsZWNsaW1hdGVjaGFuZ2UucGRmAA4AMAAXAFMAaQBtAHAAbABlAGMAbABpAG0AYQB0AGUAYwBoAGEAbgBnAGUALgBwAGQAZgAPABoADABNAGEAYwBpAG4AdABvAHMAaAAgAEgARAASAD9Vc2Vycy9naW92YW5uaS9Eb2N1bWVudHMvcGhkL0FkYXB0YXRpb24vU2ltcGxlY2xpbWF0ZWNoYW5nZS5wZGYAABMAAS8AABUAAgAP//8AAIAF0hwdHh9YJGNsYXNzZXNaJGNsYXNzbmFtZaMfICFdTlNNdXRhYmxlRGF0YVZOU0RhdGFYTlNPYmplY3RfECUuLi9BZGFwdGF0aW9uL1NpbXBsZWNsaW1hdGVjaGFuZ2UucGRm0hwdJCWiJSFcTlNEaWN0aW9uYXJ5EgABhqBfEA9OU0tleWVkQXJjaGl2ZXIACAARABYAHwAoADIANQA6ADwARQBLAFIAXQBlAGwAbwBxAHMAdgB4AHoAfACGAJMAmACgAm4CcAJ1An4CiQKNApsCogKrAtMC2ALbAugC7QAAAAAAAAIBAAAAAAAAACgAAAAAAAAAAAAAAAAAAAL/}}

@inproceedings{Ciampaglia:2008aa,
	Author = {Ciampaglia, Giovanni L. and Tirozzi, B.},
	Booktitle = {Proc. of the Intl Cong. on Environmental Modelling and Software (i{EMS})},
	Date-Added = {2010-04-07 10:24:40 +0200},
	Date-Modified = {2010-04-07 10:26:27 +0200},
	Keywords = {Rome, CA, agent-based model, land use, urban},
	Owner = {giovanni},
	Timestamp = {2008.09.27},
	Title = {Go {E}ast: a residential land use model for the periphery of {R}ome},
	Year = {2008},
	Bdsk-File-1 = {YnBsaXN0MDDUAQIDBAUIJidUJHRvcFgkb2JqZWN0c1gkdmVyc2lvblkkYXJjaGl2ZXLRBgdUcm9vdIABqAkKFRYXGyIjVSRudWxs0wsMDQ4RFFpOUy5vYmplY3RzV05TLmtleXNWJGNsYXNzog8QgASABqISE4ACgAOAB1lhbGlhc0RhdGFccmVsYXRpdmVQYXRo0hgNGRpXTlMuZGF0YU8RAaQAAAAAAaQAAgAADE1hY2ludG9zaCBIRAAAAAAAAAAAAAAAAAAAAMeXgUlIKwAAAAXJ9w5jaWFtcGFnbGlhLnBkZgAAAAAAAAAAAAAAAAAAAAAAAAAAAAAAAAAAAAAAAAAAAAAAAAAAAAAAAAAAAAAAAAAABcrVxaTxhwAAAAAAAAAAAAEAAgAACSAAAAAAAAAAAAAAAAAAAAAJaUVNU3MyMDA4AAAQAAgAAMeXczkAAAARAAgAAMWk43cAAAABABQABcn3AAXG/AAFw6QABa6VAACRnwACAEJNYWNpbnRvc2ggSEQ6VXNlcnM6Z2lvdmFubmk6RG9jdW1lbnRzOnBoZDppRU1TczIwMDg6Y2lhbXBhZ2xpYS5wZGYADgAeAA4AYwBpAGEAbQBwAGEAZwBsAGkAYQAuAHAAZABmAA8AGgAMAE0AYQBjAGkAbgB0AG8AcwBoACAASABEABIANVVzZXJzL2dpb3Zhbm5pL0RvY3VtZW50cy9waGQvaUVNU3MyMDA4L2NpYW1wYWdsaWEucGRmAAATAAEvAAAVAAIAD///AACABdIcHR4fWCRjbGFzc2VzWiRjbGFzc25hbWWjHyAhXU5TTXV0YWJsZURhdGFWTlNEYXRhWE5TT2JqZWN0XxAbLi4vaUVNU3MyMDA4L2NpYW1wYWdsaWEucGRm0hwdJCWiJSFcTlNEaWN0aW9uYXJ5EgABhqBfEA9OU0tleWVkQXJjaGl2ZXIACAARABYAHwAoADIANQA6ADwARQBLAFIAXQBlAGwAbwBxAHMAdgB4AHoAfACGAJMAmACgAkgCSgJPAlgCYwJnAnUCfAKFAqMCqAKrArgCvQAAAAAAAAIBAAAAAAAAACgAAAAAAAAAAAAAAAAAAALP}}

@inproceedings{Rebiha:2007fk,
	Abstract = {B\"uchi automata are widely used as a modeling formalism in
formal verification. The emptiness check procedure is used to carry on the model
checking of a model $\mathcal{M}$ of a system, against an LTL formula $\phi$,
that expresses the desidered properties the system should satisfy.  Algorithms
for the emptiness check on B\"uchi automata are able to find a faulty
computation, if the language accepted by the automaton of the synchronized
product of $\mathcal{M}$ and $\phi$ is non empty. Nonetheless, these algorithms
don't perform any optimization on such solution. In this paper we propose an ant
colony optimization algorithm for the emptiness check of a subclass of B\"uchi
automata, that runs on-the-fly, that is without storing the whole digraph of the
automaton in main memory, thus avoiding the problem of exponential growth of the
state space. Our approach features a non standard search strategy, with the
capability for artificial ants to backtrack during the constructive search, and
to modify the graph of the automaton, by removing parts of it when no longer
interesting for exploration.},
	Author = {Rebiha, Rachid and Ciampaglia, Giovanni Luca},
	Booktitle = {Proc Intl Conf on Intelligent Systems Design and Applications},
	Date-Added = {2010-04-07 10:14:29 +0200},
	Date-Modified = {2010-04-07 10:34:11 +0200},
	Keywords = {ant colony, formal verification},
	Title = {An Ant Colony Verification Algorithm},
	Year = {2007},
	Bdsk-File-1 = {YnBsaXN0MDDUAQIDBAUIJidUJHRvcFgkb2JqZWN0c1gkdmVyc2lvblkkYXJjaGl2ZXLRBgdUcm9vdIABqAkKFRYXGyIjVSRudWxs0wsMDQ4RFFpOUy5vYmplY3RzV05TLmtleXNWJGNsYXNzog8QgASABqISE4ACgAOAB1lhbGlhc0RhdGFccmVsYXRpdmVQYXRo0hgNGRpXTlMuZGF0YU8RAc4AAAAAAc4AAgAADE1hY2ludG9zaCBIRAAAAAAAAAAAAAAAAAAAAMeXgUlIKwAAAAXHpxtSZWJpaGFBQ09WZXJpZmljYXRpb24wNy5wZGYAAAAAAAAAAAAAAAAAAAAAAAAAAAAAAAAAAAAAAAAAAAAAAAAABcfUw2iKxwAAAAAAAAAAAAEAAgAACSAAAAAAAAAAAAAAAAAAAAAGSVNEQTA3ABAACAAAx5dzOQAAABEACAAAw2h8twAAAAEAFAAFx6cABcb8AAXDpAAFrpUAAJGfAAIATE1hY2ludG9zaCBIRDpVc2VyczpnaW92YW5uaTpEb2N1bWVudHM6cGhkOklTREEwNzpSZWJpaGFBQ09WZXJpZmljYXRpb24wNy5wZGYADgA4ABsAUgBlAGIAaQBoAGEAQQBDAE8AVgBlAHIAaQBmAGkAYwBhAHQAaQBvAG4AMAA3AC4AcABkAGYADwAaAAwATQBhAGMAaQBuAHQAbwBzAGgAIABIAEQAEgA/VXNlcnMvZ2lvdmFubmkvRG9jdW1lbnRzL3BoZC9JU0RBMDcvUmViaWhhQUNPVmVyaWZpY2F0aW9uMDcucGRmAAATAAEvAAAVAAIAD///AACABdIcHR4fWCRjbGFzc2VzWiRjbGFzc25hbWWjHyAhXU5TTXV0YWJsZURhdGFWTlNEYXRhWE5TT2JqZWN0XxAlLi4vSVNEQTA3L1JlYmloYUFDT1ZlcmlmaWNhdGlvbjA3LnBkZtIcHSQloiUhXE5TRGljdGlvbmFyeRIAAYagXxAPTlNLZXllZEFyY2hpdmVyAAgAEQAWAB8AKAAyADUAOgA8AEUASwBSAF0AZQBsAG8AcQBzAHYAeAB6AHwAhgCTAJgAoAJyAnQCeQKCAo0CkQKfAqYCrwLXAtwC3wLsAvEAAAAAAAACAQAAAAAAAAAoAAAAAAAAAAAAAAAAAAADAw==}}
