/home/giovanni/Dropbox/Bibliography/personal.bib